@book{furht1997multimedia,
  title={Multimedia Technologies and Applications for the 21st Century: Visions of World Experts},
  author={Furht, B.},
  isbn={9780585287676},
  lccn={97032126},
  series={The Springer International Series in Engineering and Computer Science},
  url={https://books.google.com/books?id=2E\_lBwAAQBAJ},
  year={1997},
  publisher={Springer US}
}
@online{x86_renejeschke_de,
  title = "x86 Instruction Set Reference",
  author = "rjeschke",
  url = "http://x86.renejeschke.de/",
  keyword = "x86,Instruction Set"
}